<?xml version="1.0"?>
<marc:records xmlns:marc="http://www.loc.gov/MARC21/slim" xmlns:xsi="http://www.w3.org/2001/XMLSchema-instance" xsi:schemaLocation="http://www.loc.gov/MARC21/slim http://www.loc.gov/standards/marcxml/schema/MARC21slim.xsd">
  <marc:record>
    <marc:leader>04296ctd a2200553Ia 4500</marc:leader>
    <marc:controlfield tag="001">9951882013503681</marc:controlfield>
    <marc:controlfield tag="005">20211025111135.0</marc:controlfield>
    <marc:controlfield tag="008">111109s1830    pau           000 0 san d</marc:controlfield>
    <marc:datafield ind1=" " ind2=" " tag="035">
  <marc:subfield code="a">(OCoLC)ocn760111284</marc:subfield>
</marc:datafield>
    <marc:datafield ind1=" " ind2=" " tag="035">
  <marc:subfield code="a">(OCoLC)760111284</marc:subfield>
</marc:datafield>
    <marc:datafield ind1=" " ind2=" " tag="035">
  <marc:subfield code="a">(PU)5188201-penndb-Voyager</marc:subfield>
</marc:datafield>
    <marc:datafield ind1=" " ind2=" " tag="040">
  <marc:subfield code="a">PAULM</marc:subfield>
  <marc:subfield code="c">PAULM</marc:subfield>
  <marc:subfield code="e">dacs</marc:subfield>
  <marc:subfield code="d">PAULM</marc:subfield>
</marc:datafield>
    <marc:datafield ind1=" " ind2=" " tag="049">
  <marc:subfield code="a">PAUM</marc:subfield>
</marc:datafield>
    <marc:datafield ind1=" " ind2=" " tag="079">
  <marc:subfield code="a">ocn760108040</marc:subfield>
</marc:datafield>
    <marc:datafield ind1=" " ind2="9" tag="099">
  <marc:subfield code="a">Ms. Coll. 390</marc:subfield>
</marc:datafield>
    <marc:datafield ind1="0" ind2=" " tag="100">
  <marc:subfield code="a">Kaus&#x301;ikara&#x304;ma.</marc:subfield>
</marc:datafield>
    <marc:datafield ind1="0" ind2="0" tag="245">
  <marc:subfield code="6">880-01</marc:subfield>
  <marc:subfield code="a">Dhu&#x304;rtasva&#x304;mibha&#x304;s&#x323;yati&#x304;ka&#x304;,</marc:subfield>
  <marc:subfield code="f">1830.</marc:subfield>
</marc:datafield>
    <marc:datafield ind1=" " ind2=" " tag="300">
  <marc:subfield code="a">1</marc:subfield>
  <marc:subfield code="f">item (287 leaves) :</marc:subfield>
  <marc:subfield code="b">paper ;</marc:subfield>
  <marc:subfield code="c">12 x 26 cm.</marc:subfield>
</marc:datafield>
    <marc:datafield ind1=" " ind2=" " tag="500">
  <marc:subfield code="a">Title supplied by cataloger; alternate title Somera&#x304;ma&#x304;m&#x323;d&#x323;a&#x304;rabha&#x304;s&#x323;ya from colophon (f. 287v); title abbreviated as Prayoga throughout, upper right verso.</marc:subfield>
</marc:datafield>
    <marc:datafield ind1=" " ind2=" " tag="500">
  <marc:subfield code="a">Mistakes covered over in yellow, white, or blacked out; some corrections in margins.</marc:subfield>
</marc:datafield>
    <marc:datafield ind1=" " ind2=" " tag="500">
  <marc:subfield code="a">Dated Sam&#x323;vat 1887 and S&#x301;aka 1752 (1830) (f. 287v).</marc:subfield>
</marc:datafield>
    <marc:datafield ind1=" " ind2=" " tag="500">
  <marc:subfield code="a">Colophon: saptamah&#x323; pat&#x323;alah&#x323; // sama&#x304;ptah&#x323; pras&#x301;nah&#x323; // somera&#x304;ma&#x304;m&#x323;d&#x323;a&#x304;rabha&#x304;s&#x323;yam&#x323; // idam&#x323; pustakam&#x323; ra&#x304;ja&#x304;ra&#x304;mabhat&#x323;t&#x323;am&#x323; nagara[m&#x323;] // va&#x304;stavyam&#x323; s&#x301;ri&#x304;ka&#x304;[s&#x301;]iks&#x323;etram&#x323; ase // paropaka&#x304;ra&#x304;rtha // madhubhat&#x323;t&#x323;ena ca&#x304;tudha&#x304;ren&#x323;a likhitam&#x323; sam&#x323;nya&#x304;sim&#x323; // s&#x301;ri&#x304;ra&#x304;ma&#x304;rpan&#x323;amm&#x323;astu // 5694 // sam&#x323;[va]t 1887 // vikrama&#x304;s&#x301;ake pravam&#x323;gana&#x304;mam&#x323; savato uttara&#x304;yan&#x323;e caim&#x323;tras&#x301;udha 5 pacami&#x304;traddani sama&#x304;m&#x323;pta s&#x301;ubhabhavatu // s&#x301;aka 1752 // (f. 287v).</marc:subfield>
</marc:datafield>
    <marc:datafield ind1=" " ind2=" " tag="500">
  <marc:subfield code="a">Scribe is Madhubhat&#x323;t&#x323;a Ca&#x304;tudha&#x304;ra (f. 287v).</marc:subfield>
</marc:datafield>
    <marc:datafield ind1=" " ind2=" " tag="500">
  <marc:subfield code="a">Written in 7-9 lines per leaf.</marc:subfield>
</marc:datafield>
    <marc:datafield ind1=" " ind2=" " tag="500">
  <marc:subfield code="a">287 leaves foliated 1-287, upper left and lower right verso, often with hundred numeral dropped.</marc:subfield>
</marc:datafield>
    <marc:datafield ind1=" " ind2=" " tag="500">
  <marc:subfield code="a">Non-Latin script record.</marc:subfield>
</marc:datafield>
    <marc:datafield ind1="4" ind2=" " tag="510">
  <marc:subfield code="a">Listed in H. I. Poleman, Census of Indic Manuscripts in the United States and Canada (New Haven, Conn.:  American Oriental Society, 1938), Poleman</marc:subfield>
  <marc:subfield code="c">179 (UP 102).</marc:subfield>
</marc:datafield>
    <marc:datafield ind1=" " ind2=" " tag="520">
  <marc:subfield code="a">Contains the sub-commentary (ti&#x304;ka&#x304;) of Kaus&#x301;ikara&#x304;ma on Dhu&#x304;rtasva&#x304;min's commentary (bha&#x304;s&#x323;ya) of the A&#x304;pastambas&#x301;rautasu&#x304;tra, an ancient text on ritual sacrifice.</marc:subfield>
</marc:datafield>
    <marc:datafield ind1=" " ind2=" " tag="524">
  <marc:subfield code="a">UPenn Ms. Coll. 390, Item 102</marc:subfield>
</marc:datafield>
    <marc:datafield ind1=" " ind2=" " tag="546">
  <marc:subfield code="a">In Sanskrit</marc:subfield>
  <marc:subfield code="b">(Devana&#x304;gari&#x304;)</marc:subfield>
</marc:datafield>
    <marc:datafield ind1="1" ind2=" " tag="561">
  <marc:subfield code="a">Formerly owned by Ra&#x304;ja&#x304;ra&#x304;mabhat&#x323;t&#x323;a who lived in Va&#x304;ra&#x304;nasi (f. 287v).</marc:subfield>
</marc:datafield>
    <marc:datafield ind1="0" ind2="0" tag="600">
  <marc:subfield code="a">Dhu&#x304;rtasva&#x304;mi&#x304;.</marc:subfield>
  <marc:subfield code="t">A&#x304;pastambas&#x301;rautasu&#x304;tra dhu&#x304;tasva&#x304;mibha&#x304;s&#x323;ya.</marc:subfield>
</marc:datafield>
    <marc:datafield ind1="0" ind2="0" tag="630">
  <marc:subfield code="a">A&#x304;pastambas&#x301;rautasu&#x304;tra.</marc:subfield>
</marc:datafield>
    <marc:datafield ind1=" " ind2="0" tag="650">
  <marc:subfield code="a">Sacrifice</marc:subfield>
  <marc:subfield code="x">Hinduism.</marc:subfield>
</marc:datafield>
    <marc:datafield ind1=" " ind2="0" tag="650">
  <marc:subfield code="a">Hinduism</marc:subfield>
  <marc:subfield code="x">Rituals</marc:subfield>
  <marc:subfield code="x">Texts.</marc:subfield>
</marc:datafield>
    <marc:datafield ind1=" " ind2="0" tag="655">
  <marc:subfield code="a">Manuscripts</marc:subfield>
  <marc:subfield code="z">India</marc:subfield>
  <marc:subfield code="y">19th century.</marc:subfield>
</marc:datafield>
    <marc:datafield ind1=" " ind2="7" tag="655">
  <marc:subfield code="a">Commentaries.</marc:subfield>
  <marc:subfield code="2">aat</marc:subfield>
</marc:datafield>
    <marc:datafield ind1=" " ind2="0" tag="655">
  <marc:subfield code="a">Manuscripts, Sanskrit</marc:subfield>
  <marc:subfield code="y">19th century.</marc:subfield>
</marc:datafield>
    <marc:datafield ind1="0" ind2=" " tag="700">
  <marc:subfield code="a">Ra&#x304;ja&#x304;ra&#x304;mabhat&#x323;t&#x323;a,</marc:subfield>
  <marc:subfield code="e">former owner.</marc:subfield>
</marc:datafield>
    <marc:datafield ind1="0" ind2=" " tag="700">
  <marc:subfield code="a">Madhubhat&#x323;t&#x323;a Ca&#x304;tudha&#x304;ra,</marc:subfield>
  <marc:subfield code="e">scribe.</marc:subfield>
</marc:datafield>
    <marc:datafield ind1="0" ind2=" " tag="740">
  <marc:subfield code="a">Somera&#x304;ma&#x304;m&#x323;d&#x323;a&#x304;rabha&#x304;s&#x323;ya.</marc:subfield>
</marc:datafield>
    <marc:datafield ind1="0" ind2=" " tag="773">
  <marc:subfield code="t">Collection of Indic Manuscripts.</marc:subfield>
  <marc:subfield code="g">Item 102</marc:subfield>
</marc:datafield>
    <marc:datafield ind1=" " ind2=" " tag="852">
  <marc:subfield code="b">Kislak Center for Special Collections, Rare Books and Manuscripts</marc:subfield>
  <marc:subfield code="a">University of Pennsylvania</marc:subfield>
  <marc:subfield code="e">3420 Walnut Street, Philadelphia, Pennsylvania 19104-6206.</marc:subfield>
  <marc:subfield code="j">Ms. Coll. 390</marc:subfield>
</marc:datafield>
    <marc:datafield ind1="4" ind2="1" tag="856">
  <marc:subfield code="z">Digital facsimile for browsing (Colenda)</marc:subfield>
  <marc:subfield code="u">https://colenda.library.upenn.edu/catalog/81431-p37659g80</marc:subfield>
</marc:datafield>
    <marc:datafield ind1="4" ind2="1" tag="856">
  <marc:subfield code="z">Facsimile</marc:subfield>
  <marc:subfield code="u">http://hdl.library.upenn.edu/1017/d/medren/5188201</marc:subfield>
</marc:datafield>
    <marc:datafield ind1="0" ind2="0" tag="880">
  <marc:subfield code="6">245-01</marc:subfield>
  <marc:subfield code="a">&#x927;&#x942;&#x930;&#x94D;&#x924;&#x938;&#x94D;&#x935;&#x93E;&#x92E;&#x93F;&#x92D;&#x93E;&#x937;&#x94D;&#x92F;&#x924;&#x940;&#x915;&#x93E;,</marc:subfield>
  <marc:subfield code="f">&#x967;&#x96E;&#x969;&#x966;.</marc:subfield>
</marc:datafield>
    <marc:datafield ind1=" " ind2=" " tag="994">
  <marc:subfield code="a">C0</marc:subfield>
  <marc:subfield code="b">PAULM</marc:subfield>
</marc:datafield>
    <marc:datafield ind1=" " ind2=" " tag="996">
  <marc:subfield code="a">unbound</marc:subfield>
</marc:datafield>
    <marc:datafield ind1=" " ind2=" " tag="999">
  <marc:subfield code="a">DLA</marc:subfield>
  <marc:subfield code="b">20150820</marc:subfield>
</marc:datafield>
    <marc:holdings>
      <marc:holding>
        <marc:holding_id>22333810670003681</marc:holding_id>
        <marc:call_number>Ms. Coll. 390</marc:call_number>
        <marc:library>KislakCntr</marc:library>
        <marc:location>scmss</marc:location>
      </marc:holding>
    </marc:holdings>
  </marc:record>
</marc:records>
